@misc{fireeye_anatomy,
	author = {FireEye},
	title = "Anatomy of {Advanced} {Persistent} {Threats}",
	howpublished = {\url{https://www.fireeye.com/current-threats/anatomy-of-a-cyber-attack.html}}
}

@misc { apt_def,
	author = {ItGovernance},
	title = "Advanced {Persistent} {Threats}",
	howpublished = {\url{https://www.itgovernance.co.uk/advanced-persistent-threats-apt}}
}

@misc {fireeye_mtrends,
	title="{FireEye} {M}-trends 2019",
	author={FireEye},
	howpublished = {\url{https://content.fireeye.com/m-trends}}
}

@misc { ghidra,
	title="Ghidra",
	author="National Security Agency",
	howpublished={\url{https://www.nsa.gov/resources/everyone/ghidra/}}
}

@article{scikit-learn,
	title={Scikit-learn: Machine Learning in {P}ython},
	author={Pedregosa, F. and Varoquaux, G. and Gramfort, A. and Michel, V.
	and Thirion, B. and Grisel, O. and Blondel, M. and Prettenhofer, P.
	and Weiss, R. and Dubourg, V. and Vanderplas, J. and Passos, A. and
	Cournapeau, D. and Brucher, M. and Perrot, M. and Duchesnay, E.},
	journal={Journal of Machine Learning Research},
	volume={12},
	pages={2825--2830},
	year={2011}
}